<?xml version="1.0" encoding="UTF-8"?><collection xmlns="http://www.loc.gov/MARC21/slim"><record><leader>00411nam--2200133-i-4500</leader><controlfield tag="001">000037817</controlfield><controlfield tag="002">20161230</controlfield><controlfield tag="005">20161230201041</controlfield><controlfield tag="008">060222s1000------------r-----000-0-eng-d</controlfield><datafield ind1=" " ind2=" " tag="080"><subfield code="a">015:550.4</subfield></datafield><datafield ind1=" " ind2=" " tag="100"><subfield code="a">Ranchin, Guy</subfield></datafield><datafield ind1=" " ind2=" " tag="245"><subfield code="a">La geochimie de l`uranium et la differenciation granitique dans la province uranifere du nord-limousin. these</subfield></datafield><datafield ind1=" " ind2=" " tag="260"><subfield code="a">Nancy, La Faculte Des Sciences, 1970, 394p</subfield></datafield><datafield ind1=" " ind2=" " tag="852"><subfield code="a">38161</subfield></datafield></record></collection>